@book{Yeadon,
author = {William H. Yeadon, Alan W},
title = {Handbook of small electric motors},
journal = {McGraw-Hill Professional},
page={pp 4-134},
year = {2001}
}

@book{Williams,
author = {Al Williams},
title = {Microcontroller projects using the Basic Stamp (2nd ed.)},
journal = {McGraw-Hill Professional},
page={pp 344},
year = {2002}
}

@book{Ang,
author = {Ang, K.H., Chong, G.C.Y., and Li, Y},
title = {PID control system analysis, design, and technology, IEEE Trans Control Systems Tech},
journal = {McGraw-Hill Professional},
page={pp.559-576},
year = {2005}
}

@booklet{unigua,
author = {Universidad de Guanajuato},
title = {Fundamentos de ingeniería eléctrica},
journal = {Practicas Escolares},
volume = 82,
year = {Enero-Junio 2011}
}
@book{aguado,
author = {Aguado Behar Alberto y Martínez Iranzo Miguel},
title = {Identificaci\'on y control adaptativo},
journal = {Pearson Alhambra},
year = {2012}
}